<record><leader>00000cas a22000007a 4500</leader><controlfield tag="001">23828720</controlfield><controlfield tag="008">910524d193u1940ncuir ne      0    0eng d</controlfield><datafield ind1=" " ind2=" " tag="010"><subfield code="a">sn 91068011 </subfield></datafield><datafield ind1=" " ind2=" " tag="040"><subfield code="a">NVJ</subfield><subfield code="b">eng</subfield><subfield code="c">NVJ</subfield><subfield code="d">OCLCQ</subfield></datafield><datafield ind1=" " ind2=" " tag="042"><subfield code="a">msc</subfield></datafield><datafield ind1="0" ind2=" " tag="130"><subfield code="a">Courier (Asheboro, N.C. : 1939)</subfield></datafield><datafield ind1="1" ind2="4" tag="245"><subfield code="a">The Courier.</subfield></datafield><datafield ind1=" " ind2=" " tag="260"><subfield code="a">Asheboro, N.C. :</subfield><subfield code="b">Courier Pub. Co.</subfield></datafield><datafield ind1=" " ind2=" " tag="300"><subfield code="a">v.</subfield></datafield><datafield ind1=" " ind2=" " tag="310"><subfield code="a">Triweekly</subfield></datafield><datafield ind1="0" ind2=" " tag="362"><subfield code="a">-v. 64, no. 156 (Feb. 2, 1940).</subfield></datafield><datafield ind1=" " ind2=" " tag="588"><subfield code="a">Description based on: Vol. 62, no. 171 (Jan. 1, 1939).</subfield></datafield><datafield ind1=" " ind2=" " tag="752"><subfield code="a">United States</subfield><subfield code="b">North Carolina</subfield><subfield code="c">Randolph</subfield><subfield code="d">Asheboro.</subfield></datafield><datafield ind1="0" ind2="0" tag="780"><subfield code="t">Daily courier (Asheboro, N.C.)</subfield><subfield code="w">(DLC)sn 91068010</subfield></datafield><datafield ind1="0" ind2="7" tag="785"><subfield code="t">Randolph tribune</subfield><subfield code="w">(DLC)sn 91068696</subfield></datafield><datafield ind1="0" ind2="7" tag="785"><subfield code="t">Courier-tribune (Asheboro, N.C.)</subfield><subfield code="w">(DLC)sn 91068029</subfield></datafield><datafield ind1="1" ind2=" " tag="029"><subfield code="a">AU@</subfield><subfield code="b">000025857717</subfield></datafield></record>